@inproceedings{THU,
  author    = {unknown},
  title     = {THU Beamer Theme},
  year      = {2015},
  url       = {http://far.tooold.cn/post/latex/beamertsinghua},
}

@inproceedings{NKU,
  author    = {Hanyu Zheng},
  title     = {NKU presentation Beamer},
  year      = {2021},
  url       = {https://www.overleaf.com/latex/templates/nku-presentation-beamer/gctydndnvstd},
}

@inproceedings{WHU,
  author    = {yxy2000},
  title     = {WHU Beamer Theme Advanced},
  year      = {2021},
  url       = {https://www.overleaf.com/latex/templates/whu-beamer-theme-advanced/nnjvrndphpqy},
}